Date,revenue,cost-goods-sold,gross-profit,research-development-expenses,selling-general-administrative-expenses,other-operating-income-expenses,operating-expenses,operating-income,total-non-operating-income-expense,pre-tax-income,income-after-taxes,income-from-continuous-operations,net-income,ebitda,ebit,basic-shares-outstanding,shares-outstanding,eps-basic-net-earnings-per-share,eps-earnings-per-share-diluted,current-ratio,long-term-debt-capital,debt-equity-ratio,gross-margin,operating-margin,ebit-margin,pre-tax-profit-margin,net-profit-margin,asset-turnover,inventory-turnover,receiveable-turnover,days-sales-in-receivables,roe,return-on-tangible-equity,roa,roi,book-value-per-share,operating-cash-flow-per-share,free-cash-flow-per-share
2024-09-30,0.20200,2.54260,-2.34070,2.03210,5.00980,-0.42050,7.46250,-9.80320,-1.89140,-11.69460,-11.69460,-11.69460,-11.78020,-7.34140,-9.80320,69.51940,69.51940,-0.17000,-0.17000,1.55390,,0.04310,-1158.98300,-4854.01300,-4854.01300,-5790.53800,-5832.94000,0.00270,9.93620,0.49980,180.07930,-19.70630,-21.33050,-15.83930,-19.70620,0.80910,-0.07990,-0.09230
2024-06-30,,,,3.60820,5.51320,-10.83180,,-23.25790,-1.40890,-24.32330,-24.32330,-24.32330,-24.32330,-20.49440,-22.91440,51.24310,51.24310,-0.45000,-0.45000,1.16510,,0.10490,,,,,,,,,,-39.57090,-42.71090,-31.31410,-39.57090,0.95950,-0.0875,-0.0941
2024-03-31,,,,3.95470,3.22920,-1.42280,,-8.60670,-1.38840,-9.99510,-9.99510,-9.99510,-9.99510,-7.28790,-8.60670,51.99390,51.99390,-0.19000,-0.19000,0.60820,,0.15340,,,,,,,,,,-14.26480,-15.26350,-11.19810,-14.26480,1.27260,-0.0838,-0.0783
2023-12-31,,,,3.14890,4.31050,-0.77150,,-8.23080,-1.06060,-9.29140,-9.29140,-9.29140,-9.29140,-6.68280,-8.23080,47.76080,47.76080,-0.19000,-0.19000,0.51890,,0.24450,,,,,,,,,,-13.95670,-14.98910,-10.45520,-13.95670,1.34920,-0.0521,-0.1433
2023-09-30,,,,3.61390,3.05400,-1.34990,,-8.01780,-0.87420,-8.89200,-8.89200,-8.89200,-8.89200,-7.67340,-8.01780,46.12950,46.12950,-0.19000,-0.19000,0.36490,0.02800,0.32020,,,,,,,,,,-15.02140,-16.28800,-10.59260,-14.60080,1.27840,-0.10320,-0.24360
2023-06-30,,,,4.10140,3.40240,-0.53480,,-8.03860,0.08690,-7.95170,-7.95170,-7.95170,-7.95170,-7.98300,-8.03860,43.75490,43.75490,-0.18000,-0.18000,0.34610,,0.09860,,,,,,,,,,-13.06350,-13.94600,-10.65070,-13.06350,1.32650,-0.0567,-0.1214
2023-03-31,,,,1.50910,3.53850,-0.58430,,-5.63200,0.02390,-5.60800,-5.60800,-5.60800,-5.60800,-5.57630,-5.63200,43.46650,43.46650,-0.13000,-0.13000,4.32480,,,,,,,,,,,,-10.39750,-11.19710,-9.77690,-10.39750,0.08060,-0.0783,-0.1171
2022-12-31,,,,1.73550,3.89910,-0.54600,,-6.18050,-0.01640,-6.19700,-6.19700,-6.19700,-6.19700,-6.13230,-6.18050,43.20240,43.20240,-0.14000,-0.14000,8.58770,,,,,,,,,,,,-13.49620,-14.73210,-13.01110,-13.49620,0.07060,-0.0765,-0.2171
2022-09-30,,,,0.21980,2.00820,-0.34920,,-2.57710,0.14270,-2.43450,-2.43450,-2.43450,-2.43450,-2.53890,-2.57710,42.94260,42.94260,-0.06000,-0.06000,3.43630,,,,,,,,,,,,-5.14470,-5.60060,-4.52540,-5.14470,0.07350,-0.09400,-0.18900
2022-06-30,,,,0.34090,5.86610,-0.60120,,-6.80820,-0.04250,-6.85060,-6.85060,-6.85060,-6.85060,-6.73040,-6.80820,41.73850,41.73850,-0.76000,-0.76000,9.79280,,,,,,,,,,,,-13.80230,-14.96360,-12.95950,-13.80230,1.15580,-0.2325,-0.527
2022-03-31,,,,0.13830,2.49280,-0.20260,,-2.83360,0.20300,-2.63060,-2.63060,-2.63060,-2.63060,-2.82120,-2.83360,634.37910,634.37910,0.00000,0.00000,9.84650,,0.00390,,,,,,,,,,-4.99520,-5.38550,-4.64760,-4.99520,0.08160,-0.0045,-0.0104
2021-12-31,,,,0.26830,3.64850,-0.19030,,-4.10710,0.02160,-4.08550,-4.08550,-4.08550,-4.08550,-4.09370,-4.10710,631.45820,631.45820,-0.01000,-0.01000,9.51800,,0.00370,,,,,,,,,,-7.41980,-7.92940,-6.78280,-7.38260,0.08760,-0.0025,-0.0048
2021-09-30,,,,0.21600,19.69060,-0.08070,,-19.98730,0.01400,-19.97330,-19.97330,-19.97330,-19.97330,-19.97630,-19.98730,594.39680,594.39680,-0.03000,-0.03000,19.50730,,0.00360,,,,,,,,,,-34.81870,-37.02170,-33.17200,-34.57610,0.09170,-0.00440,-0.01010
2021-06-30,,,,,4.56350,-0.46620,,-5.88730,0.25450,-5.63280,-5.63280,-5.63280,-5.63280,-5.86900,-5.88730,498.29670,498.29670,0.00000,0.00000,7.75620,,0.01060,,,,,,,,,,-32.44100,-31.64930,-26.49080,-28.97420,0.03390,-0.0053,-0.0144
2021-03-31,,,,,6.80680,-0.00020,,-6.80700,1.87090,-4.93610,-4.93610,-4.93610,-4.93610,-6.11240,-6.80700,506.77600,506.77600,-0.01000,-0.01000,8.84410,0.02970,0.05520,,,,,,,,,,-82.90710,-65.47180,-52.21530,-57.31470,0.01530,-0.0044,-0.0062
2020-12-31,,,,,22.61410,-0.00290,,-22.61700,-5.42300,-28.04000,-28.04000,-28.04000,-28.04000,-21.80950,-22.61700,462.27650,462.27650,-0.06000,-0.06000,0.07790,-0.04830,-0.15810,,,,,,,,,,299.61530,428.50560,-1744.49500,449.20330,-0.01300,-0.0035,-0.0034
2020-09-30,,,,,2.30630,-0.10680,,-2.41310,-0.73810,-3.15120,-3.15120,-3.15120,-3.15120,-1.10400,-2.41310,437.87830,437.87830,-0.01000,-0.01000,0.32550,-0.09850,-0.50410,,,,,,,,,,92.79850,92.80650,-193.65360,101.94520,-0.00740,-0.00240,-0.00250
2020-06-30,,,,,,,,,,,,,,,,,,,0.00000,,,,,,,,,,,,,,,,,,0.0098,0.0098
2020-03-31,,,,,1.78660,-0.22930,,-2.01590,-5.49710,-7.51300,-7.51300,-7.51300,-7.51300,0.35280,-2.01590,266.99590,266.99590,-0.03000,-0.03000,0.07890,,-0.16620,,,,,,,,,,158.73520,158.74520,-1693.34600,158.74520,-0.01440,-0.0002,-0.0002
2019-12-31,,,,,1.07180,-0.01130,,-1.08310,-1.86490,-2.94810,-2.94810,-2.94810,-2.94810,-0.16130,-1.08310,150.47450,150.47450,-0.02000,-0.02000,0.01150,-0.00080,-0.18750,,,,,,,,,,49.47180,49.47430,-2810.73300,49.51440,,-0.0096,-0.0096
2019-09-30,,,,,,,,,,,,,,,,,,,0.00000,,,,,,,,,,,,,,,,,,0.00000,
2019-06-30,,,,,,-0.68860,,-1.47370,,-1.02070,,,-1.02070,0.60710,,114.83260,114.83260,-0.01000,-0.01000,0.01280,,-0.21570,,,,,,,,,,,,,,-0.03830,-0.0124,-0.0124
2019-03-31,,,,,6.45060,-0.00550,,-6.45610,-0.10710,-6.56320,-6.56320,-6.56320,-6.56320,-6.06580,-6.45610,114.16270,114.16270,-0.06000,-0.06000,,,,,,,,,,,,,,,,,,-0.0029,-0.0029
2018-12-31,,,,,1.14260,-0.01960,,-1.16220,-1.40760,-2.56980,-2.56980,-2.56980,-2.56980,-1.16220,-1.16220,92.47530,92.47530,-0.03000,-0.03000,0.03540,,-0.31700,,,,,,,,,,71.27980,71.27980,-1520.89200,71.27980,-0.03520,-0.0056,-0.0056
2018-09-30,,,,,,,,,,,,,,,,,,,0.00000,,,,,,,,,,,,,,,,,,0.00000,
2018-06-30,,,,,,-0.01750,,-0.42740,,-0.48370,,,-0.48370,0.01890,,90.69310,90.69310,-0.01000,-0.01000,0.15980,,-0.78680,,,,,,,,,,,,,,-0.01750,-0.0031,-0.0031
2018-03-31,,,,,0.79090,-0.00650,,-0.79730,-0.03180,-0.82910,-0.82910,-0.82910,-0.82910,-0.78530,-0.79730,84.78840,84.78840,-0.01000,-0.01000,0.18260,,-0.93450,,,,,,,,,,57.69970,57.69980,-258.36070,57.69980,-0.01610,-0.0003,-0.0003
2017-12-31,,,,,2.49070,-0.00310,,-2.49380,-0.02410,-2.51800,-2.51800,-2.51800,-2.51800,-2.49380,-2.49380,58.97220,58.97220,-0.04000,-0.04000,0.02500,,-0.77420,,,,,,,,,,153.11780,153.11780,-5965.49800,153.11780,-0.02090,-0.0024,-0.0024
2017-09-30,,,,,,,,,,,,,,,,,,,0.00000,,,,,,,,,,,,,,,,,,0.00000,
2017-06-30,,,,,,-0.05360,,-0.14330,,-0.23590,,,-0.23590,0.07850,,58.00000,58.00000,0.00000,0.00000,0.03520,,-0.87700,,,,,,,,,,,,,,-0.01600,-0.0021,-0.0021
2017-03-31,,,,,1.12070,,,-1.12070,-0.10130,-1.22210,-1.22210,-1.22210,-1.22210,-1.06490,-1.12070,58.71590,58.71590,-0.02000,-0.02000,0.05040,-0.50650,-0.88110,,,,,,,,,,149.44270,149.44260,-4241.88100,225.13200,-0.01410,-0.0008,-0.0008
2016-12-31,,,,,0.16040,-0.60000,,-0.76040,-0.05110,-0.81150,-0.81150,-0.81150,-0.81150,-0.76040,-0.76040,57.98480,57.98480,-0.01000,-0.01000,0.01650,-0.66970,-0.79050,,,,,,,,,,107.41370,107.41370,-10722.30000,179.34610,-0.01280,-0.0015,-0.0015
2016-09-30,,,,,,,,,,,,,,,,,,,0.00000,,,,,,,,,,,,,,,,,,0.00000,
2016-06-30,,,,,0.03040,-27.05190,,-27.08220,,-27.08220,-27.08220,-27.08220,-27.08220,-27.08220,-27.08220,40.00000,40.00000,-0.68000,-0.68000,,,-0.52590,,,,,,,,,,10944.02000,10944.08000,,10944.08000,,-0.001,-0.001
2016-03-31,,,,,0.00560,,,-0.00560,,-0.00560,-0.00560,-0.00560,-0.00560,-0.00560,-0.00560,40.00000,40.00000,0.00000,-0.00010,0.06790,,-0.86980,,,,,,,,,,4.79370,4.79370,-65.81850,4.79370,-0.00290,-0.0001,-0.0001
2015-12-31,,,,,0.02080,,,-0.02080,,-0.02080,-0.02080,-0.02080,-0.02080,-0.02080,-0.02080,40.00000,40.00000,0.00000,0.00000,0.09810,,-0.91320,,,,,,,,,,18.62070,18.62070,-171.15770,18.62070,-0.00280,-0.0004,-0.0004
2015-09-30,,,,,,,,,,,,,,,,,,,0.00000,,,,,,,,,,,,,,,,,,0.00000,
2015-06-30,,,,,,,,0.00620,,-0.00620,,,-0.00620,,,40.00000,40.00000,0.00000,0.00000,0.13420,,-0.94350,,,,,,,,,,,,,,-0.00220,-0.0001,-0.0001
2015-03-31,,,,,0.00930,-0.00570,,-0.01500,,-0.01500,-0.01500,-0.01500,-0.01500,-0.01500,-0.01500,40.00000,40.00000,0.00000,0.00000,0.18030,,-1.01570,,,,,,,,,,18.77350,18.77350,-85.35210,18.77350,-0.00200,-0.0004,-0.0004
2014-12-31,,,,,0.00720,-0.00500,,-0.01220,,-0.01220,-0.01220,-0.01220,-0.01220,-0.01220,-0.01220,40.00000,40.00000,0.00000,0.00000,0.10770,,-0.90000,,,,,,,,,,13.48880,13.48880,-111.79430,13.48880,-0.00230,-0.0002,-0.0002
2014-09-30,,,,,,,,,,,,,,,,,,,0.00000,,,,,,,,,,,,,,,,,,0.00000,
2014-06-30,,,,,0.00590,-0.00030,,-0.00620,,-0.00620,-0.00620,-0.00620,-0.00620,-0.00620,-0.00620,40.00000,40.00000,-0.00020,-0.00020,0.35690,,-1.30830,,,,,,,,,,13.25310,13.25310,-23.87830,13.25310,-0.00120,-0.0001,-0.0001
2014-03-31,,,,,0.00750,,,-0.00750,,-0.00750,-0.00750,-0.00750,-0.00750,-0.00750,-0.00750,40.00000,40.00000,-0.00020,-0.00020,0.42900,,-1.50620,,,,,,,,,,18.67880,18.67880,-24.85910,18.67880,-0.00100,-0.0006,-0.0006
2013-12-31,,,,,0.01790,-0.00560,,-0.02350,,-0.02350,-0.02350,-0.02350,-0.02350,-0.02350,-0.02350,40.00000,40.00000,-0.00100,-0.00100,0.49330,,-1.23190,,,,,,,,,,71.56960,71.56960,-73.52000,71.56960,-0.00080,-0.0001,-0.0001
2013-09-30,,,,0.00000,,,,,,0.00000,,0.00000,,,,,,,0.00000,0.70770,,-2.71820,,,,,,,,,,,,,,-0.00020,0.00000,
2013-06-30,,,,,,-0.02130,,-0.03200,,-0.03200,,,-0.03200,,,40.00000,40.00000,-0.00100,-0.00100,,,,,,,,,,,,,,,,,,-0.0008,-0.0008
2013-03-31,,,,,0.00110,,,-0.00110,,-0.00110,-0.00110,-0.00110,-0.00110,-0.00110,-0.00110,40.00000,40.00000,-0.00100,-0.00100,,,,,,,,,,,,,,,,,,0,0
2012-12-31,,,,,0.00260,,,-0.00260,,-0.00260,-0.00260,-0.00260,-0.00260,-0.00260,-0.00260,40.00000,40.00000,-0.00100,-0.00100,,,,,,,,,,,,,,,,,,0,0
2012-09-30,,,,,,,,,,,,,,,,,,,0.00000,,,,,,,,,,,,,,,,,,0.00000,
