Date,revenue,cost-goods-sold,gross-profit,selling-general-administrative-expenses,other-operating-income-expenses,operating-expenses,operating-income,total-non-operating-income-expense,pre-tax-income,total-provision-income-taxes,income-after-taxes,income-from-continuous-operations,income-from-discontinued-operations,net-income,ebitda,ebit,basic-shares-outstanding,shares-outstanding,eps-basic-net-earnings-per-share,eps-earnings-per-share-diluted,current-ratio,long-term-debt-capital,debt-equity-ratio,gross-margin,operating-margin,ebit-margin,pre-tax-profit-margin,net-profit-margin,asset-turnover,inventory-turnover,receiveable-turnover,days-sales-in-receivables,roe,return-on-tangible-equity,roa,roi,operating-cash-flow-per-share,free-cash-flow-per-share
2023-06-30,,,,,,,,,,,,,,,,,,,,0.00000,,,,,,,,,,,,,,,,,,
2019-06-30,0.20400,0.20100,0.00300,0.18800,,0.18800,-0.18500,-0.00300,-0.18800,,-0.18800,-0.18800,,-0.18800,-0.18500,-0.18500,3.76000,3.76000,-0.05000,-0.05000,0.17060,,,1.47060,-90.68630,-90.68630,-92.15690,-92.15690,0.20520,,1.48910,60.44120,5.21210,5.21210,-18.91350,5.21210,0.0464,0.0464
2018-06-30,,,,0.19200,,,-0.19200,-0.02100,-0.21300,,-0.21300,-0.21300,,-0.21300,-0.19200,-0.19200,4.98220,4.98220,-0.05000,-0.05000,0.29920,,,,,,,,,,,,7.36010,7.36010,-16.37200,7.36010,0.1188,0.2377
2017-06-30,,,,0.46100,,,-0.46100,-0.01500,-0.47600,,-0.47600,-0.47600,,-0.47600,-0.46100,-0.46100,4.98220,4.98220,-0.10000,-0.10000,0.46360,,,,,,,,,,,,-18.74750,-18.74750,-4.35740,-18.74750,0.1825,0.0636
2016-06-30,,,,0.32000,-0.10500,,-0.42500,-0.33700,-0.76200,,-0.76200,-0.76200,,-0.76200,-0.42500,-0.42500,4.98220,4.98220,-0.15000,-0.15000,0.44620,,,,,,,,,,,,24.78850,24.78860,-13.57810,24.78860,-0.4472,-0.4472
2015-12-31,,,,,,,,,,,,,,,,,,,,0.00000,,,,,,,,,,,,,,,,,0.1345,0.2037
2015-06-30,1.94500,2.17000,-0.22500,0.33000,,0.33000,-0.55500,-0.76000,-1.33000,0.18000,-1.51000,-1.51700,0.00000,-1.51700,-0.55500,-0.55500,5.05660,5.05660,-0.30000,-0.30000,1.22370,,,-11.31110,-28.53470,-28.53470,-68.38050,-77.99490,0.17840,3.33850,2.23560,40.25710,-111.54370,-110.72990,-13.91740,-110.72990,-0.1345,-0.2037
2014-12-31,,,,,,,,,,,,,,,,,,,,0.00000,,,,,,,,,,,,,,,,,0.0,0.0
2014-06-30,0.75500,0.60000,0.15500,0.42000,,0.42000,-0.26500,-1.12000,-1.40000,0.01000,-1.41000,-1.42600,0.00000,-1.42600,-0.26500,-0.26500,4.75340,4.75340,-0.30000,-0.30000,4.96710,,,18.54310,-35.09930,-35.09930,-185.43050,-188.87420,0.02070,0.35290,0.83890,107.28480,-19.53430,-19.50750,-3.90360,-19.53430,0.0,0.0
2013-12-31,,,,,,,,,,,,,,,,,,,,0.00000,,,,,,,,,,,,,,,,,4.3188,8.5238
2013-06-30,6.72400,5.20000,1.52400,7.36000,,7.36000,-5.83600,-4.71000,-10.56000,-1.05000,-9.51000,-9.26100,0.00000,-9.26100,-5.83600,-5.83600,5.00600,5.00600,-1.85000,-1.85000,0.37510,0.73570,5.45580,22.60560,-86.79360,-86.79360,-157.04940,-137.73050,0.01430,1.47730,0.88710,101.45750,-17.62660,-17.62660,-1.96340,-4.65940,-4.3188,-8.5238
2012-12-31,,,,,,,,,,,,,,,,,,,,0.00000,,,,,,,,,,,,,,,,,1.5067,6.9898
2012-06-30,5.95000,3.51000,2.44000,4.03000,,4.03000,-1.59000,-1.77000,-3.37000,1.11000,-4.48000,-4.48600,0.00000,-4.48600,-1.59000,-1.59000,4.98440,4.98440,-0.90000,-0.90000,0.47710,0.53200,1.65070,40.84030,-26.72270,-26.72270,-56.63870,-75.39500,0.01380,1.32450,2.41870,37.21010,-4.93890,-4.93780,-1.04240,-2.31120,-1.5067,-6.9898
2011-12-31,,,,,,,,,,,,,,,,,,,,0.00000,,,,,,,,,,,,,,,,,1.9167,9.4953
2011-06-30,9.56200,6.17000,3.39200,2.82000,,2.82000,0.57200,-0.97000,-0.40000,0.68000,-1.08000,-1.09100,0.00000,-1.09100,0.57200,0.57200,4.54960,4.54960,-0.25000,-0.25000,0.48020,0.44740,1.03100,35.45280,5.98200,5.98200,-4.18320,-11.40980,0.02740,3.06970,2.28760,39.34320,-1.30140,-1.30130,-0.31300,-0.71920,-1.9167,-9.4953
2010-12-31,,,,,,,,,,,,,,,,,,,,0.00000,,,,,,,,,,,,,,,,,0.0,0.0
2010-09-30,3.66400,,3.66400,,,,3.66400,,3.66400,,3.66400,-3.23500,0.00000,-3.23500,3.66400,3.66400,4.49360,4.49360,-0.70000,-0.70000,,,,100.00000,100.00000,100.00000,100.00000,-88.29150,,,,,,,,,0.0,0.0
2010-06-30,3.66400,2.31000,1.35400,3.70000,,3.70000,-2.34600,-0.56000,-2.91000,0.31000,-3.22000,-3.23500,0.00000,-3.23500,-2.34600,-2.34600,4.49360,4.49360,-0.70000,-0.70000,0.24800,0.30090,0.48360,36.57210,-64.02840,-64.02840,-79.42140,-88.29150,0.01390,1.50000,3.24250,27.75660,-3.89620,-3.89570,-1.22520,-2.72400,0.0,0.0
2009-12-31,,,,,,,,,,,,,,,,,,,,0.00000,,,,,,,,,,,,,,,,,0.0,0.0
2009-06-30,1.90300,1.81000,0.09300,1.88000,,1.88000,-1.78700,-0.42000,-2.21000,0.10000,-2.31000,-2.19900,0.00100,-2.19800,-1.78700,-1.78700,4.22460,4.22460,-0.50000,-0.50000,1.93750,0.19140,0.23680,4.72940,-93.90440,-93.90440,-116.13240,-115.50180,0.01380,2.20730,,,-3.55710,-3.55650,-1.59530,-2.87560,0.0,0.0
